@article{Unet,
  title={U-Net: Convolutional Networks for Biomedical Image Segmentation},
  author={Olaf Ronneberger and Philipp Fischer and Thomas Brox},
  journal={ArXiv},
  year={2015},
  volume={abs/1505.04597}
}

@misc{WinNT2,
  author = {Shaun Pagin},
  title = {Raster vs. Vector: The Easy-to-understand Guide},
  howpublished = {\url{https://www.fastprint.co.uk/blog/raster-vs-vector-the-easy-to-understand-guide}}
}

@misc{WinNT,
  title = {ISBI Challenge: Segmentation of neuronal structures in EM stacks},
  howpublished = {\url{http://brainiac2.mit.edu/isbi_challenge/}}
}

@misc{cancer,
    author = {},
    titile = {Cancer},
    howpublished = {\url{https://en.wikipedia.org/wiki/Cancer}}
}

@book{ctimage,
    author    = "Lois E.Romans",
    title     = "Computed Tomography for technologists",
    year      = "2001",
    publisher = "Wolters Kluwer Health, Lippincott Williams and Wilkins"
}

