@INPROCEEDINGS{resnet,
    author={K. {He} and X. {Zhang} and S. {Ren} and J. {Sun}},
    booktitle={2016 IEEE Conference on Computer Vision and Pattern Recognition (CVPR)},
    title={Deep Residual Learning for Image Recognition},
    year={2016},
    volume={},
    number={},
    pages={770-778},
    keywords={image classification;learning (artificial intelligence);neural nets;object detection;COCO segmentation;ImageNet localization;ILSVRC & COCO 2015 competitions;deep residual nets;COCO object detection dataset;visual recognition tasks;CIFAR-10;ILSVRC 2015 classification task;ImageNet test set;VGG nets;residual nets;ImageNet dataset;residual function learning;deeper neural network training;image recognition;deep residual learning;Training;Degradation;Complexity theory;Image recognition;Neural networks;Visualization;Image segmentation},
    doi={10.1109/CVPR.2016.90},
    ISSN={1063-6919},
    month={June},}

@article{reviewDLmedical,
    author = "Geert Litjens and Thijs Kooi and Babak Ehteshami Bejnordi and Arnaud Arindra Adiyoso Setio and Francesco Ciompi and Mohsen Ghafoorian and Jeroen A.W.M. van der Laak and Bram van Ginneken and Clara I. Sánchez",
  	title = "A survey on deep learning in medical image analysis",
  	journal = "Medical Image Analysis",
  	volume = "42",
  	pages = "60 - 88",
  	year = "2017",
  	url = "https://doi.org/10.1016/j.media.2017.07.005",
  	keywords = "Deep learning, Convolutional neural networks, Medical imaging, Survey"
}

@article{confution,
    author = "Stephen V. Stehman",
    title = "Selecting and interpreting measures of thematic classification accuracy",
    journal = "Remote Sensing of Environment",
    volume = "62",
    pages = "77 - 89",
    year = "1997",
    issn = "0034-4257",
    doi = "https://doi.org/10.1016/S0034-4257(97)00083-7",
    url = "http://www.sciencedirect.com/science/article/pii/S0034425797000837"
}

@inbook{dice1,
	author = {Thorvald Sørensen},
	title = {A Method of Establishing Groups of Equal Amplitude in Plant Sociology Based on Similarity of Species Content and Its Application to Analyses of the Vegetation on Danish Commons},
	publisher="Kongelige Danske Videnskabernes Selskab",
	pages = "1-34",
	year = "1948"
}
@article{iou,
	author    = {Rezatofighi, Hamid and Tsoi, Nathan and Gwak, JunYoung and Sadeghian, Amir and Reid, Ian and Savarese, Silvio},
	journal   = {CVPR},
	title     = {Generalized Intersection over Union},
	booktitle = {The IEEE Conference on Computer Vision and Pattern Recognition},
	month     = {June},
	year      = {2019},
}

@article{dice,
	author = {Dice, Lee R.},
	title = {Measures of the Amount of Ecologic Association Between Species},
	journal = {Ecology},
	volume = {26},
	number = {3},
	pages = {297-302},
	doi = {10.2307/1932409},
	year = {1945}
}

@misc{CNN,
	author = {Rob Robinson},
	title = {Convolutional Neural Networks basic},
	howpublished = {\url{https://mlnotebook.github.io/post/CNN1/}}
}

@article{RCNN,
	author    = {Kaiming He, Georgia Gkioxari, Piotr Doll{\'{a}}r and Ross B. Girshick},
	title     = {Mask {R-CNN}},
	journal   = {CoRR},
	volume    = {abs/1703.06870},
	year      = {2017},
	url       = {http://arxiv.org/abs/1703.06870},
	eprint    = {1703.06870},
	timestamp = {Mon, 13 Aug 2018 16:46:36 +0200},
	biburl    = {https://dblp.org/rec/bib/journals/corr/HeGDG17},
	bibsource = {dblp computer science bibliography, https://dblp.org}
}

@article{FCN,
	author    = {Jonathan Long, Evan Shelhamer and Trevor Darrell},
	title     = {Fully Convolutional Networks for Semantic Segmentation},
	journal   = {CoRR},
	volume    = {abs/1411.4038},
	year      = {2014},
	url       = {http://arxiv.org/abs/1411.4038},
	eprint    = {1411.4038},
	timestamp = {Mon, 13 Aug 2018 16:48:17 +0200},
	biburl    = {https://dblp.org/rec/bib/journals/corr/LongSD14},
	bibsource = {dblp computer science bibliography, https://dblp.org}
}

@article{AE,
	author = {Ahmed, Hosameldin and Wong, M. and Nandi, Asoke},
	year = {2018},
	month = {01},
	pages = {459-477},
	title = {Intelligent condition monitoring method for bearing faults from highly compressed measurements using sparse over-complete features},
	volume = {99},
	journal = {Mechanical Systems and Signal Processing},
	doi = {10.1016/j.ymssp.2017.06.027}
}

@article{DAE,
	author    = {Daniel Jiwoong Im, Sungjin Ahn, Roland Memisevic and Yoshua Bengio},
	title     = {Denoising Criterion for Variational Auto-Encoding Framework},
	journal   = {CoRR},
	volume    = {abs/1511.06406},
	year      = {2015},
	url       = {http://arxiv.org/abs/1511.06406},
	eprint    = {1511.06406},
	biburl    = {https://dblp.org/rec/bib/journals/corr/ImAMB15},
	bibsource = {dblp computer science bibliography, https://dblp.org}
}

@misc{3dircad,
  title = {3D Image Reconstruction for Comparison of Algorithm Database (3DIRCAD)},
  howpublished = {\url{https://www.ircad.fr/research/3dircadb/}}
}
@misc{sliver07,
  title = {Liver Tumor Segmentation Challenge 2017},
  howpublished = {\url{http://www.sliver07.org/}}
}
@misc{lits,
  title = {Segmentation of the Liver 2007},
  howpublished = {\url{https://competitions.codalab.org/competitions/17094}}
}

@article{GoogleNet,
    author    = {Christian Szegedy and
               Wei Liu and
               Yangqing Jia and
               Pierre Sermanet and
               Scott E. Reed and
               Dragomir Anguelov and
               Dumitru Erhan and
               Vincent Vanhoucke and
               Andrew Rabinovich},
  title     = {Going Deeper with Convolutions},
  journal   = {CoRR},
  volume    = {abs/1409.4842},
  year      = {2014},
  url       = {http://arxiv.org/abs/1409.4842},
  archivePrefix = {arXiv},
  eprint    = {1409.4842},
  timestamp = {Mon, 13 Aug 2018 16:48:52 +0200},
  biburl    = {https://dblp.org/rec/journals/corr/SzegedyLJSRAEVR14.bib},
  bibsource = {dblp computer science bibliography, https://dblp.org}
}

@article{inveptionv3,
  author    = {Christian Szegedy and
               Vincent Vanhoucke and
               Sergey Ioffe and
               Jonathon Shlens and
               Zbigniew Wojna},
  title     = {Rethinking the Inception Architecture for Computer Vision},
  journal   = {CoRR},
  volume    = {abs/1512.00567},
  year      = {2015},
  url       = {http://arxiv.org/abs/1512.00567},
  archivePrefix = {arXiv},
  eprint    = {1512.00567},
  timestamp = {Mon, 13 Aug 2018 16:49:07 +0200},
  biburl    = {https://dblp.org/rec/journals/corr/SzegedyVISW15.bib},
  bibsource = {dblp computer science bibliography, https://dblp.org}
}

@article{unet3d,
  author    = {{\"{O}}zg{\"{u}}n {\c{C}}i{\c{c}}ek and
               Ahmed Abdulkadir and
               Soeren S. Lienkamp and
               Thomas Brox and
               Olaf Ronneberger},
  title     = {3D U-Net: Learning Dense Volumetric Segmentation from Sparse Annotation},
  journal   = {CoRR},
  volume    = {abs/1606.06650},
  year      = {2016},
  url       = {http://arxiv.org/abs/1606.06650},
  archivePrefix = {arXiv},
  eprint    = {1606.06650},
  timestamp = {Mon, 13 Aug 2018 16:47:29 +0200},
  biburl    = {https://dblp.org/rec/journals/corr/CicekALBR16.bib},
  bibsource = {dblp computer science bibliography, https://dblp.org}
}

@article{u2-net,
   title={U2-Net: Going deeper with nested U-structure for salient object detection},
   volume={106},
   ISSN={0031-3203},
   url={http://dx.doi.org/10.1016/j.patcog.2020.107404},
   DOI={10.1016/j.patcog.2020.107404},
   journal={Pattern Recognition},
   publisher={Elsevier BV},
   author={Qin, Xuebin and Zhang, Zichen and Huang, Chenyang and Dehghan, Masood and Zaiane, Osmar R. and Jagersand, Martin},
   year={2020},
   month={Oct},
   pages={107404}
}

@article{Deepsupervision,
  author    = {Qi Dou and
               Hao Chen and
               Yueming Jin and
               Lequan Yu and
               Jing Qin and
               Pheng{-}Ann Heng},
  title     = {3D Deeply Supervised Network for Automatic Liver Segmentation from
               {CT} Volumes},
  journal   = {CoRR},
  volume    = {abs/1607.00582},
  year      = {2016},
  url       = {http://arxiv.org/abs/1607.00582},
  archivePrefix = {arXiv},
  eprint    = {1607.00582},
  timestamp = {Thu, 30 Aug 2018 12:30:46 +0200},
  biburl    = {https://dblp.org/rec/journals/corr/Dou0JYQH16.bib},
  bibsource = {dblp computer science bibliography, https://dblp.org}
}

@article{focal,
  author    = {Tsung{-}Yi Lin and
               Priya Goyal and
               Ross B. Girshick and
               Kaiming He and
               Piotr Doll{\'{a}}r},
  title     = {Focal Loss for Dense Object Detection},
  journal   = {CoRR},
  volume    = {abs/1708.02002},
  year      = {2017},
  url       = {http://arxiv.org/abs/1708.02002},
  archivePrefix = {arXiv},
  eprint    = {1708.02002},
  timestamp = {Mon, 13 Aug 2018 16:46:12 +0200},
  biburl    = {https://dblp.org/rec/journals/corr/abs-1708-02002.bib},
  bibsource = {dblp computer science bibliography, https://dblp.org}
}

@article{LV_VESEL,
    author = {Nguyen Van Hung and
            Le Huu Trong},
    title = {Phát hiện và xây dựng hệ thống mạch máu của gan từ ảnh         chụp cắt lớp vi tính},
    journal = {Luận văn tốt nghiệp},
    volume = {},
    pages = {},
    year = {2019}
}



@article{LV_LIVER,
    title={Xây dựng mô hình gan từ ảnh chụp cắt lớp vi tính CT},
    author={Nguyen Quang Ha and
            Tran Quoc Phap and
            Mai Duc Tu},
    journal={Luận văn tốt nghiệp},
    year={2019}
}